@book{epoboek,
	Author =  "B. Jacobs and X. van Rijnsoever and Ing. T. Slats and Dr. ir. A.J. van Genderen and Dr. M, Bartek and Ing. A.M.J. Slats and Dr. M. Spirito and B.Sc. T.M. de Rijk",
	Publisher = {TU Delft},
	Title = {Lab Courses EE Semester 3 â€“ Student Manual. EE1L21},
	Year = {2015-2016}
}
@techreport{Bassreflexenclosure,
	Author = {R Nave, HyperPhysics Sound},
    Title = { "Ported Bass-Reflex Enclosure"},
    URL = "http://hyperphysics.phy-astr.gsu.edu/hbase/Audio/basref.html#c2"
}
@misc{ wiki:lee,
  title = "Lee algorithm. {I}n {W}ikipedia",
  note = "[Online; accessed May 22, 2018]",
  url = "http://en.wikipedia.org/wiki/Lee_algorithm"
}
@book{DSAManual,
Author = "ing. A.M.J. Slats and Dr. ir. A.J. van Genderen",
Publisher = {TU Delft},
Title = {Course Lab Digital Systems A - Manual. EE1D11}, 
}
@article{whiteblackbox,
    Author = "V. I. Hahanov, M. A. Kaminska, O. Lavrova",
    Title = "Testability analysis of the VHDL Structure for Fault Coverage Improving",
    Journal = "Elektronika Ir Elektrotechnika(Electronics and Electrical Engineering",
    Volume = "74",
    Number = "2",
    Pages = "29-32",
    Year = "2007"
}
@misc{CandO,
    author    = "Zebo Peng",
    title     = "Testability analysis and improvement from VHDL behavioral specifications.",
    howpublished = "\url{https://www.researchgate.net/publication/220811270_Testability_analysis_and_improvement_from_VHDL_behavioral_specifications}",
    year     = "1994",
    month    = "January",
}
@misc{SCOAP,
      author = "Kalyana R. Kantipudi",
      title = "Controllability and Observability",
      month = "April",
      year = "2005",
      url = "http://www.eng.auburn.edu/~agrawvd/COURSE/E7250_05/REPORTS_TERM/Kantipudi_Tmeas.pdf"
}

@ONLINE {mobygames,
    author = "Moby Games",
    title  = "Bomberman Games",
    url    = "https://www.mobygames.com/game-group/bomberman-games/offset,50/so,1d/",
    note   = "visited on 11/21/2018"
}
@article{informationvisualization,
    Author = "Martin L. Larrea",
    Title = "Black-Box Testing Technique for InformationVisualization. Sequencing Constraints withLow-Level Interactions",
    Journal = "Journal of Computer Science and Technology",
    Volume = "17",
    Number = "1",
    Pages = "37-48",
    Year = "2017"
}
@book{Presentation,
Author = "Tutors EE2L11",
Publisher = {TU Delft},
Title = {EE2L11 - Design a chip}, 
}